@Book{jolowicz2024,
  author    = {Jolowicz, C.},
  publisher = {O'Reilly Media, Inc.},
  title     = {Hypermodern Python tooling},
  year      = {2024},
  address   = {Sebastopol, CA},
  isbn      = {9781098139582},
  month     = jun,
  note      = {268 p.},
  abstract  = {Keeping up with the Python ecosystem can be daunting. Its developer tooling doesn't provide the out-of-the-box experience native to languages like Rust and Go. When it comes to long-term project maintenance or collaborating with others, every Python project faces the same problem: how to build reliable workflows beyond local development while staying in sync with the evolving ecosystem.

With this hands-on guide, Python developers will learn how to forge the moving parts of a Python project into an easy-to-use toolchain, using state-of-the-art tools including Poetry, Nox, pytest, mypy, pre-commit, Black, Ruff, uv, Rye, Hatch, and more. Author Claudio Jolowicz shows you how to create robust Python project structures complete with unit tests, static analysis, code formatting, and type checking.},
}

@Misc{anaconda2025,
  author = {Anaconda, Inc.},
  note   = {\url{https://docs.conda.io/projects/conda/en/stable/user-guide/tasks/manage-environments.html}. Recuperado el 17 de abril del 2025.},
  title  = {Managing environments, User guide.},
  year   = {2017},
}

@Misc{pythont2025,
  author = {The Python Software, Foundation},
  note   = {\url{https://docs.python.org/3/tutorial/venv.html}. Recuperado el 16 de abril del 2025.},
  title  = {Virtual environments and packages, {P}ython tutorial},
  year   = {2025},
}

@Misc{rohowsky2023,
  author = {Rohowsky, M.},
  note   = {\url{https://youtu.be/2P30W3TN4nI?si=y_1fJbyXGPsOfUZE}},
  title  = {PyCharm Virtual Environments (venv) Explained! 10 Min Updated 2023. [Video]. Youtube.},
  year   = {2023},
}

@Misc{haber2024,
  author = {Haber, A.},
  note   = {\url{https://youtu.be/8vuvHAlgJZ0?si=5QOy6naOyW5Q-RH0}},
  title  = {How to Configure and Run Spyder Python Editor in Virtual Environments. [Video]. Youtube.},
  year   = {2024},
}

@Misc{vsc2025,
  author = {Microsoft},
  note   = {\url{https://code.visualstudio.com/docs/python/environments}. Recuperado 18 de abril del 2025.},
  title  = {Python environments in {VS} Code},
  year   = {2025},
}

@Misc{python2025,
  author = {The Python Software, Foundation},
  note   = {\url{https://docs.python.org/3/library/venv.html}. Recuperado el 16 de abril del 2025.},
  title  = {venv — creation of virtual environments, {P}ython documentation},
  year   = {2025},
}

@Misc{mayer2012,
  author = {Mayer, C.},
  note   = {\url{https://peps.python.org/pep-0405/}. Recuperado el 18 de abril del 2025.},
  title  = {{PEP} 405 – {P}ython virtual environments},
  year   = {2012},
}

@Comment{jabref-meta: databaseType:bibtex;}
